<record xmlns="http://www.loc.gov/MARC21/slim">
   <leader>01835nam a2200457 i 4500</leader>
   <controlfield tag="001">6706321</controlfield>
   <controlfield tag="003">OCoLC</controlfield>
   <controlfield tag="005">20141008152103.0</controlfield>
   <controlfield tag="006">m     o  d        </controlfield>
   <controlfield tag="007">cr cn|</controlfield>
   <controlfield tag="008">140828t20152015enkao   ob    001 0 eng d</controlfield>
   <datafield ind1=" " ind2=" " tag="020">
      <subfield code="z">9781444338614</subfield>
   </datafield>
   <datafield ind1=" " ind2=" " tag="020">
      <subfield code="a">9781118585344</subfield>
      <subfield code="q">electronic bk.</subfield>
   </datafield>
   <datafield ind1=" " ind2=" " tag="020">
      <subfield code="a">1118585348</subfield>
      <subfield code="q">electronic bk.</subfield>
   </datafield>
   <datafield ind1=" " ind2=" " tag="020">
      <subfield code="a">9781118585696</subfield>
      <subfield code="q">electronic bk.</subfield>
   </datafield>
   <datafield ind1=" " ind2=" " tag="020">
      <subfield code="a">1118585690</subfield>
      <subfield code="q">electronic bk.</subfield>
   </datafield>
   <datafield ind1=" " ind2=" " tag="035">
      <subfield code="a">ocn891400157</subfield>
   </datafield>
   <datafield ind1=" " ind2=" " tag="039">
      <subfield code="a">exclude</subfield>
   </datafield>
   <datafield ind1=" " ind2=" " tag="040">
      <subfield code="a">E7B</subfield>
      <subfield code="b">eng</subfield>
      <subfield code="e">rda</subfield>
      <subfield code="c">E7B</subfield>
      <subfield code="d">OCLCO</subfield>
      <subfield code="d">DG1</subfield>
      <subfield code="d">AEU</subfield>
   </datafield>
   <datafield ind1="1" ind2="4" tag="050">
      <subfield code="a">PN1998.3.S39</subfield>
      <subfield code="b">.C64 2015eb</subfield>
   </datafield>
   <datafield ind1="0" ind2="4" tag="082">
      <subfield code="a">791.4302/33092</subfield>
      <subfield code="2">23</subfield>
   </datafield>
   <datafield ind1=" " ind2=" " tag="090">
      <subfield code="a">Internet Access</subfield>
      <subfield code="b">AEU</subfield>
   </datafield>
   <datafield ind1="0" ind2="2" tag="245">
      <subfield code="a">A companion to Martin Scorsese /</subfield>
      <subfield code="c">edited by Aaron Baker ; contributors, Michael Brendan Baker [and twenty-two others].</subfield>
   </datafield>
   <datafield ind1=" " ind2="1" tag="264">
      <subfield code="a">Chichester, England :</subfield>
      <subfield code="b">Wiley Blackwell,</subfield>
      <subfield code="c">2015.</subfield>
   </datafield>
   <datafield ind1=" " ind2="4" tag="264">
      <subfield code="c">©2015</subfield>
   </datafield>
   <datafield ind1=" " ind2=" " tag="300">
      <subfield code="a">1 online resource (499 pages) :</subfield>
      <subfield code="b">illustrations (some color), photographs.</subfield>
   </datafield>
   <datafield ind1=" " ind2=" " tag="336">
      <subfield code="a">text</subfield>
      <subfield code="2">rdacontent</subfield>
   </datafield>
   <datafield ind1=" " ind2=" " tag="337">
      <subfield code="a">computer</subfield>
      <subfield code="2">rdamedia</subfield>
   </datafield>
   <datafield ind1=" " ind2=" " tag="338">
      <subfield code="a">online resource</subfield>
      <subfield code="2">rdacarrier</subfield>
   </datafield>
   <datafield ind1="1" ind2=" " tag="490">
      <subfield code="a">Wiley Blackwell Companions to Film Directors</subfield>
   </datafield>
   <datafield ind1=" " ind2=" " tag="504">
      <subfield code="a">Includes bibliographical references at the end of each chapters and index.</subfield>
   </datafield>
   <datafield ind1=" " ind2=" " tag="506">
      <subfield code="a">Access restricted to authorized users and institutions.</subfield>
   </datafield>
   <datafield ind1=" " ind2=" " tag="588">
      <subfield code="a">Description based on print version record.</subfield>
   </datafield>
   <datafield ind1=" " ind2=" " tag="596">
      <subfield code="a">44</subfield>
   </datafield>
   <datafield ind1="1" ind2="0" tag="600">
      <subfield code="a">Scorsese, Martin</subfield>
      <subfield code="x">Criticism and interpretation.</subfield>
   </datafield>
   <datafield ind1="1" ind2=" " tag="700">
      <subfield code="a">Baker, Aaron,</subfield>
      <subfield code="e">editor.</subfield>
   </datafield>
   <datafield ind1="1" ind2=" " tag="700">
      <subfield code="a">Baker, Michael Brendan,</subfield>
      <subfield code="e">contributor.</subfield>
   </datafield>
   <datafield ind1=" " ind2="0" tag="830">
      <subfield code="a">Wiley-Blackwell companions to film directors.</subfield>
   </datafield>
   <datafield ind1="4" ind2="0" tag="856">
      <subfield code="3">University of Alberta Access</subfield>
      <subfield code="u">http://dx.doi.org/10.1002/9781118585344</subfield>
      <subfield code="z">(Unlimited Concurrent Users)</subfield>
   </datafield>
   <datafield ind1=" " ind2=" " tag="949">
      <subfield code="h">UAIN</subfield>
      <subfield code="z">WILEYOL</subfield>
   </datafield>
   <datafield ind1=" " ind2=" " tag="926">
      <subfield code="a">Internet Access</subfield>
      <subfield code="w">LC</subfield>
      <subfield code="c">1</subfield>
      <subfield code="i">6706321-1001</subfield>
      <subfield code="l">INTERNET</subfield>
      <subfield code="m">UAINTERNET</subfield>
      <subfield code="r">Y</subfield>
      <subfield code="s">Y</subfield>
      <subfield code="t">E-RESOURCE</subfield>
      <subfield code="u">10/10/2014</subfield>
      <subfield code="x">E-BOOK</subfield>
      <subfield code="z">WILEYOL</subfield>
   </datafield>
</record>
